@Article{HUHTINEN_2019,
  author      = {Huhtinen, A.-M. and Rantapelkonen, J. and Sariola, J. and Mattila, J.},
  title       = {Information influence in hybrid environment: reflexive control as an analytical tool for understanding warfare in social media},
  year        = {2019},
  journaltitle= {International Journal of Cyber Warfare and Terrorism},
  volume      = {9},
  number      = {3},
  pages       = {<ADD PAGES>},
  url         = {https://doi.org/10.4018/IJCWT.2019070101},
  addendum    = {(Accessed: 9 September 2025)},
  doi         = {10.4018/IJCWT.2019070101},
  shortjournal= {IJCWT},
  month       = {July}
}

@Article{NAGL_1999,
  author       = {Nagl, J. A.},
  title        = {Learning to eat soup with a knife},
  journaltitle = {World Affairs},
  volume       = {161},
  number       = {4},
  pages        = {193},
  year         = {1999},
  note         = {[Online]},
  url          = {https://link.gale.com/apps/doc/A54146668/AONE?u=nuim&sid=bookmark-AONE&xid=e96e1808},
  urldate      = {2025-09-12},
  addendum     = {(Accessed: 12 September 2025)}
}

@Article{BUCK_1992,
  author       = {Buck, I. and others},
  title        = {`Bureaucracy: What government agencies do and why they do it' by James Q. Wilson: a critique by a few bureaucrats},
  journaltitle = {Public Administration Review},
  volume       = {52},
  number       = {4},
  pages        = {406--407},
  year         = {1992},
  note         = {[Online]},
  doi          = {10.2307/3110402},
  url          = {https://doi.org/10.2307/3110402},
  urldate      = {2025-09-12},
  addendum     = {(Accessed: 12 September 2025)}
}

@Book{FITZGERALD_2013,
  author    = {Fitzgerald, D.},
  title     = {Learning to forget: US Army counterinsurgency doctrine and practice from Vietnam to Iraq},
  year      = {2013},
  location  = {Stanford},
  publisher = {Stanford University Press},
  note      = {[Online]. Available from ProQuest Ebook Central},
  url       = {https://ebookcentral.proquest.com/lib/nuim/detail.action?docID=1207685},
  urldate   = {2025-09-12},
  addendum  = {(Accessed: 12 September 2025)}
}


@Misc{WILSON_2005,
  author    = {Wilson, J. Q.},
  title     = {Interview: James Q. Wilson discusses his book, 'Bureaucracy: What government agencies do and why they do it'},
  year      = {2005},
  note      = {[Online]},
  howpublished = {Day To Day, 10 March},
  url       = {https://link.gale.com/apps/doc/A161915492/LitRC?u=nuim&sid=summon&xid=72cb9805},
  urldate   = {2025-09-12},
  addendum  = {(Accessed: 12 September 2025)}
}


@Article{BONTRIDDER_2021,
  author      = {Bontridder, N. and Poullet, Y.},
  title       = {The role of artificial intelligence in disinformation},
  year        = {2021},
  journaltitle= {Data \& Policy},
  volume      = {3},
  pages       = {e32},
  addendum    = {(Accessed: 9 September 2025)},
  doi         = {10.1017/dap.2021.20}
}

@Article{GUNNERIUSSON_2019,
  author      = {Gunneriusson, H.},
  title       = {Hybrid warfare and deniability as understood by the military},
  year        = {2019},
  journaltitle= {Polish Political Science Yearbook},
  volume      = {48},
  number      = {2},
  pages       = {267--278},
  addendum    = {(Accessed: 9 September 2025)},
  doi         = {10.15804/ppsy2019205}
}

@Inproceedings{GUNNERIUSSON_2013,
  author      = {Gunneriusson, H. and Ottis, R.},
  title       = {Cyberspace from the hybrid threat perspective},
  year        = {2013},
  location    = {Reading},
  publisher   = {Academic Conferences International Limited},
  note        = {[Online]},
  url         = {https://www.proquest.com/conference-papers-proceedings/cyberspace-hybrid-threat-perspective/docview/1400694845/se},
  addendum    = {(Accessed: 9 September 2025)},
  booktitle   = {Proceedings of the International Conference on Cyber Warfare and Security}
}

@Article{BACHMANN_2013,
  author      = {Bachmann, S.-D. and Putter, D. and Duczynski, G.},
  title       = {Hybrid warfare and disinformation: A ukraine war perspective},
  year        = {2023},
  journaltitle= {Global Policy},
  volume      = {14},
  pages       = {858--869},
  url         = {https://doi.org/10.1111/1758-5899.13257},
  addendum    = {(Accessed: 9 September 2025)},
  doi         = {10.1111/1758-5899.13257}
}

@Article{BACHMANN_2018,
  author       = {Paphiti, Andreas and Bachmann, Sascha-Dominik},
  title        = {Syria: A legacy of Western foreign-policy failure},
  journaltitle = {Middle East Policy},
  year         = {2018},
  volume       = {25},
  number       = {2},
  pages        = {136--162},
  doi          = {10.1111/mepo.12347},
  url          = {https://doi.org/10.1111/mepo.12347},
  addendum     = {(Accessed: 9 September 2025)}
}

@Article{BACHMANN_2023b,
  author      = {Putter, D. and Bachmann, S.-D. D.},
  title       = {Scoping the future counterintelligence focus},
  year        = {2023},
  journaltitle= {International Journal of Intelligence and CounterIntelligence},
  volume      = {36},
  number      = {2},
  pages       = {358--385},
  url         = {https://doi.org/10.1080/08850607.2022.2091414},
  addendum    = {(Accessed: 9 September 2025)},
  doi         = {10.1080/08850607.2022.2091414}
}

@Article{HERTA_2016,
  author      = {Herta, L. M.},
  title       = {Russia's hybrid warfare -- why narratives and ideational factors play a role in international politics},
  year        = {2016},
  journaltitle= {On-Line Journal Modelling the New Europe},
  number      = {21},
  pages       = {52--76},
  note        = {[Online]},
  url         = {https://www.proquest.com/scholarly-journals/russias-hybrid-warfare-why-narratives-ideational/docview/1872206511/se-2},
  addendum    = {(Accessed: 9 September 2025)}
}
@Report{BRADSHAW_2019,
  author      = {Bradshaw, S. and Howard, P. N.},
  title       = {The global disinformation order: 2019 global inventory of organised social media manipulation},
  year        = {2019},
  type        = {Research Report},
  institution = {University of Oxford},
  url         = {https://digitalcommons.unl.edu/scholcom/207},
  addendum    = {(Accessed: 9 September 2025)}
}

@Article{LEMMON_2024,
  author      = {Lemmon, J.},
  title       = {The weaponization of fiction and truth: disinformation as hybrid warfare and its strategic use in the united states 2024 election},
  year        = {2024},
  journaltitle= {National Security and the Future},
  volume      = {25},
  number      = {2},
  pages       = {5--25},
  note        = {Review paper},
  addendum    = {(Accessed: 9 September 2025)},
  doi         = {10.37458/nstf.25.2.5}
}

@Article{BACHMANN_GUNNERIUSSON_2015,
  author      = {Bachmann, S.-D. and Gunneriusson, H.},
  title       = {Hybrid wars: the 21st-century’s new threats to global peace and security},
  year        = {2015},
  journaltitle= {Scientia Militaria, South African Journal of Military Studies},
  volume      = {43},
  number      = {1},
  pages       = {77--98},
  addendum    = {(Accessed: 9 September 2025)},
  doi         = {10.5787/43-1-1110}
}

@Article{BACHMANN_2021,
  author      = {Bachmann, S.-D. D. and Paphiti, A.},
  title       = {Mass migration as a hybrid threat? A legal perspective},
  year        = {2021},
  journaltitle= {Polish Political Science Yearbook},
  volume      = {50},
  number      = {1},
  pages       = {119--140},
  note        = {[Online]},
  addendum    = {(Accessed: 9 September 2025)},
  doi         = {10.15804/ppsy202122}
}

@Article{BACHMANN_2020,
  author      = {Bachmann, S.-D. D. and Lee, D. and Dowse, A.},
  title       = {COVID information warfare and the future of great power competition},
  year        = {2020},
  journaltitle= {The Fletcher Forum of World Affairs},
  volume      = {44},
  number      = {2},
  pages       = {11--18},
  note        = {[Online]},
  url         = {https://www.proquest.com/scholarly-journals/covid-information-warfare-future-great-power/docview/2532718928/se-2},
  addendum    = {(Accessed: 9 September 2025)}
}

@article{KRAGH_2017,
  author    = {Kragh, Martin and \AA sberg, Sebastian},
  title     = {Russia’s strategy for influence through public diplomacy and active measures: the Swedish case},
  journal   = {Journal of Strategic Studies},
  volume    = {40},
  number    = {6},
  pages     = {773--816},
  year      = {2017},
  doi       = {10.1080/01402390.2016.1273830},
  publisher = {Routledge}
}

@Article{MUMFORD_2013,
  author       = {Mumford, Andrew},
  title        = {Proxy warfare and the future of conflict},
  journaltitle = {The RUSI Journal},
  year         = {2013},
  volume       = {158},
  number       = {2},
  pages        = {40--46},
  doi          = {10.1080/03071847.2013.787733},
  url          = {https://doi.org/10.1080/03071847.2013.787733},
  addendum     = {(Accessed: 9 September 2025)}
}

@Report{DARCZEWSKA_2014,
  author       = {Darczewska, Jolanta},
  title        = {The anatomy of Russian information warfare: the Crimean operation, a case study},
  year         = {2014},
  number       = {42},
  institution  = {Centre for Eastern Studies (OSW), Warsaw},
  note         = {[Online]},
  url          = {https://www.osw.waw.pl/en/publikacje/osw-studies/2014-05-15/anatomy-russian-information-warfare-crimean-operation-case-study},
  addendum     = {(Accessed: 9 September 2025)}
}

@Report{GILL_2021,
  author       = {Gill, Monika and Heap, Ben and Hansen, Pia},
  title        = {Strategic Communications Hybrid Threats Toolkit},
  year         = {2021},
  institution  = {NATO Strategic Communications Centre of Excellence},
  type         = {Report},
  isbn         = {978-993456438-3},
  pages        = {46},
  note         = {[Online]},
  addendum     = {(Accessed: 9 September 2025)}
}

@Article{AHMED_2020,
  author      = {Ahmed, M. and Bachmann, S. D. and Ullah, A. B. and Barnett, S.},
  title       = {Ransomware 2.0: an emerging threat to national security},
  year        = {2022},
  journaltitle= {Australian Journal of Defence and Strategic Studies},
  volume      = {4},
  number      = {1},
  pages       = {125--132},
  note        = {[Online]},
  url         = {https://doi.org/10.51174/AJDSS.0401/EMQH252},
  urldate     = {2025-09-10},
  addendum    = {(Accessed: 10 September 2025)},
  issn        = {2652-3728},
  doi         = {10.51174/AJDSS.0401/EMQH252},
  eissn       = {2652-3736}
}

@Article{DAVIES_2024,
  author       = {Philip H. J. Davies},
  title        = {Counterintelligence and escalation from hybrid to total war in the Russo-Ukrainian conflict 2014–2024},
  journaltitle = {Intelligence and National Security},
  year         = {2024},
  volume       = {39},
  number       = {3},
  pages        = {496--514},
  doi          = {10.1080/02684527.2024.2329419},
  url          = {https://doi.org/10.1080/02684527.2024.2329419},
  note         = {Open Access under Creative Commons Attribution License (CC-BY 4.0)}
}


@Article{BACHMANN_2023a,
  author      = {Bachmann, S.-D. and Putter, D. and Duczynski, G.},
  title       = {Hybrid warfare and disinformation: A ukraine war perspective},
  year        = {2023},
  journaltitle= {Global Policy},
  volume      = {14},
  pages       = {858--869},
  url         = {https://doi.org/10.1111/1758-5899.13257},
  addendum    = {(Accessed: 7 September 2025)},
  doi         = {10.1111/1758-5899.13257}
}

@Article{AHMED_2022,
  author       = {Ahmed, M. and Bachmann, S. and Martin, C. and Walker, T. and Rooyen, J. and Barkat, A.},
  title        = {False information as a threat to modern society: a systematic review of false information, its impact on society, and current remedies},
  journaltitle = {Journal of Information Warfare},
  volume       = {21},
  number       = {2},
  pages        = {105--120},
  year         = {2022},
  note         = {[Online]},
  url          = {https://www.jstor.org/stable/27199973},
  urldate      = {2025-09-10},
  addendum     = {(Accessed: 10 September 2025)}
}

@Article{HOYLE_2021,
  author       = {Hoyle, A. and others},
  title        = {Grey matters: advancing a psychological effects-based approach to countering malign information influence},
  journaltitle = {New Perspectives},
  volume       = {29},
  number       = {2},
  pages        = {144--164},
  year         = {2021},
  note         = {[Online]},
  url          = {https://www.jstor.org/stable/27285606},
  urldate      = {2025-09-10},
  addendum     = {(Accessed: 10 September 2025)}
}

@Book{IRETON_2018,
  author    = {Ireton, C. and Posetti, J.},
  title     = {Journalism, fake news \& disinformation: handbook for journalism education and training},
  year      = {2018},
  location  = {Paris},
  publisher = {UNESCO Publishing},
  note      = {[Online]},
  url       = {https://unesdoc.unesco.org/ark:/48223/pf0000265552},
  urldate   = {2025-09-10},
  addendum  = {(Accessed: 10 September 2025)}
}

@Article{MATTIS_2005,
  author       = {Mattis, J. and Hoffman, F. G.},
  title        = {Future warfare: the rise of hybrid wars},
  journaltitle = {U.S. Naval Institute Proceedings},
  volume       = {131},
  number       = {11},
  year         = {2005},
  note         = {[Online]},
  url          = {https://www.usni.org/magazines/proceedings/2005/november/future-warfare-rise-hybrid-wars},
  urldate      = {2025-09-10},
  addendum     = {(Accessed: 10 September 2025)}
}

@Misc{GAC_2022,
  author    = {{Global Affairs Canada}},
  title     = {Canada’s efforts to counter disinformation – Russian invasion of Ukraine},
  year      = {2022},
  location  = {Ottawa},
  publisher = {Government of Canada},
  note      = {[Online]},
  url       = {https://www.international.gc.ca/world-monde/issues_development-enjeux_developpement/response_conflict-reponse_conflits/crisis-crises/ukraine-disinfo-desinfo.aspx},
  urldate   = {2022-06-16},
  addendum  = {(Accessed: 16 June 2022)}
}

@Online{UN_NEWS_2024,
  author    = {{United Nations News}},
  title     = {Former US Secretary of State Colin Powell briefed the UN Security Council on evidence of Iraq's failure to disarm in February 2003},
  year      = {2024},
  note      = {[Online]},
  url       = {https://news.un.org/en/story/2024/02/1146332},
  urldate   = {2025-09-10},
  addendum  = {(Accessed: 10 September 2025)},
  institution = {United Nations},
}

@Article{BACHMANN_2016,
  author       = {Bachmann, S.-D. and Gunneriusson, H.},
  title        = {Russia's hybrid warfare in the east: the integral nature of the information sphere},
  journaltitle = {Georgetown Journal of International Affairs},
  volume       = {16},
  pages        = {198--211},
  year         = {2015},
  note         = {[Online]},
  url          = {https://www.researchgate.net/publication/277953401_RUSSIA'S_HYBRID_WARFARE_IN_THE_EAST_USING_THE_INFORMATION_SPHERE_AS_INTEGRAL_TO_HYBRID_WARFARE},
  urldate      = {2025-09-10},
  addendum     = {(Accessed: 10 September 2025)}
}
