@article{cbaae3155bba2df6e63df222727f0e86f7a7b7e8,
title = {Hybrid warfare and disinformation: A Ukraine war perspective},
year = {2023},
url = {https://www.semanticscholar.org/paper/cbaae3155bba2df6e63df222727f0e86f7a7b7e8},
abstract = {Misinformation, disinformation and mal information are part of the information disorder construct, dominating the information warfare domain. These are key enablers associated with grey zone operations, and an integral part of current adversaries' and competitors' hybrid warfare tool kit. Disinformation, in combination with influence operations, also plays an important role within the concept of hybrid warfare; both from a threat–and own resilience perspective. This article reflects on these information warfare tools and their application by Russia in the current Russo‐Ukraine war, offering potentially considerable force multipliers in the information domain for the Russian aggressor. Hybrid warfare and associated threats, specifically focusing on aspects of information warfare, disinformation, deception (typically within the context of political activity or warfare so commonly associated with Russian active measures) and as part of an adversary's grey zone operations approach are all discussed raising awareness towards building resilience by means of a comprehensive approach to counter such threats to national security.},
author = {Sascha‐Dominik Dov Bachmann and Dries Putter and G. Duczynski},
journal = {Global Policy},
volume = {null},
pages = {null},
doi = {10.1111/1758-5899.13257},
}

@article{f243af980469885dabcf921fda17d3c7e57a917f,
title = {Um was geht es? Konzeptspezifikation in politikwissenschaftlicher Forschung},
year = {2007},
url = {https://www.semanticscholar.org/paper/f243af980469885dabcf921fda17d3c7e57a917f},
abstract = {null},
author = {Arndt Wonka},
}

@article{9f77334f5751ef0113cda6d4e9b4bcbe88fa5bb3,
title = {Hacia una nueva narrativa audiovisual: análisis de cinco cibermedios españoles},
year = {1970},
url = {https://www.semanticscholar.org/paper/9f77334f5751ef0113cda6d4e9b4bcbe88fa5bb3},
abstract = {Esta investigación analiza y cuantifica los procedimientos narrativos de los vídeos publicados en la portada de cinco cibermedios españoles. Se emplean para ello dos trabajos de campo (2011 y 2014) que permiten ver la evolución esos medios respecto al modelo narrativo de la televisión clásica. Frente a la tendencia de las piezas de agencia (noticias en vídeos cortos, con voz en off y estructuras periodísticas tradicionales), la producción propia de los cinco cibermedios plantea un modelo innovador: abierto a otros géneros, con piezas más extensas, apoyadas en totales (sin voz en off) y con estructuras alejadas de la pirámide invertida.},
author = {J. Mayoral and Concha. Edo},
journal = {Communication &amp; Society},
volume = {null},
pages = {null},
doi = {10.15581/003.28.1.145-166},
}

@article{123101c96ceac639fbd7de5ad57e19979f96a23e,
title = {Frequently used methods in the preparation of the informational attack},
year = {2018},
url = {https://www.semanticscholar.org/paper/123101c96ceac639fbd7de5ad57e19979f96a23e},
abstract = {Once with the development of WEB technologies, more attention has been paid to information originated from Internet websites being complementary to information obtained from other sources of interest. Specialized structures have been set up to collect, analyze and capitalize this information, theoretically and methodologically based on concepts and principles. Thus, definitions have been formulated for what Open Source Information (OSINF) and open-source intelligence (OSINT) are. This paper presents the stages and technological methods applied for an informational attack.},
author = {Moinescu Radu},
journal = {Scientific Bulletin of Naval Academy},
volume = {null},
pages = {null},
doi = {10.21279/1454-864x-18-i1-014},
}

@article{ecf5d186f9b5b69741d8dfb15df7cdc8ead1ccbe,
title = {Jóvenes y adolescentes desde el prisma de la desinformación},
year = {2022},
url = {https://www.semanticscholar.org/paper/ecf5d186f9b5b69741d8dfb15df7cdc8ead1ccbe},
abstract = {En este estudio se explora, a través de un análisis de contenido, de qué manera los jóvenes y los adolescentes son representados en las fake news difundidas en España a través de las redes sociales y aplicaciones de mensajería, así como los rasgos de los bulos que tienen que ver con ellos. Se recabaron todas las noticias falsas referidas a este segmento poblacional registradas en los fact-checkers Newtral y Maldita.es entre el 1 de enero y el 30 de junio de 2021 (n=46). Los resultados permiten concluir que la imagen proyectada de la juventud se basa en la conflictividad y la violencia, a lo que se suma la atribución de otros rasgos como la intolerancia y la elevada atención y dependencia de las redes sociales. Además, se vinculan frecuentemente con temáticas banales o soft. También se demuestra que estos mensajes se difunden preponderantemente en formato texto —aunque es habitual su combinación con otros soportes— y que Twitter, Facebook y WhatsApp son las aplicaciones por las que circula una mayor proporción de bulos. Asimismo, entre las características que se infieren del análisis destacan la mayoritaria presencia de mensajes de invención absoluta y la no atribución de fuentes como práctica usual.},
author = {Álvaro López-Martín and Alba Córdoba-Cabús and Bernardo Gómez-Calderón},
journal = {Question/Cuestión},
volume = {null},
pages = {null},
doi = {10.24215/16696581e691},
}

@article{a7407e78a8a745ef920ae394a592b878251f8d19,
title = {Dissemination of disinformation on political and electoral processes in Nigeria: An exploratory study},
year = {2023},
url = {https://www.semanticscholar.org/paper/a7407e78a8a745ef920ae394a592b878251f8d19},
abstract = {Abstract Increasingly, social media has become a major source of fake news, with disinformation used as a tool in manipulating public opinion and delegitimizing opposing voices. This study explores the influence of the content of social media on traditional media, and the proliferation of disinformation in the context of elections and accountability in Nigeria. Data were collected from 60 interviews and 18 focus group discussions with key stakeholders across Nigeria’s geo-political zones. The result shows the content of social media as shaping traditional media in addition to exacerbating pre-existing ethnic and religious tensions. The study recommends strengthening the positive elements of social media to weaken the threat posed by digital disinformation.},
author = {Idayat Hassan},
journal = {Cogent Arts & Humanities},
volume = {10},
pages = {null},
doi = {10.1080/23311983.2023.2216983},
}

@article{fc9d1f23a78e672ad7d91eca38bed30713447622,
title = {Social media regulation in Uganda: the dilemma of laxity and conformity to international norms},
year = {2024},
url = {https://www.semanticscholar.org/paper/fc9d1f23a78e672ad7d91eca38bed30713447622},
abstract = {null},
author = {Winyi Solomon and Omach Paul and S. Makara},
journal = {Journal of Contemporary African Studies},
volume = {null},
pages = {null},
doi = {10.1080/02589001.2024.2341619},
}

@article{308e9a66309d220af3708c53cda7a6f8b94a772c,
title = {Fact-checking in war: Types of hoaxes and trends from a year of disinformation in the Russo-Ukrainian war},
year = {2023},
url = {https://www.semanticscholar.org/paper/308e9a66309d220af3708c53cda7a6f8b94a772c},
abstract = {This study explores the verification of the contents related to the coverage of the Russo-Ukrainian war during the first year of the conflict. We address the analysis of false information collected from the EDMO database by the Spanish fact-checking organizations: AFP Factual and Comprovem, EFE Verifica, RTVE Verifica, Maldita.es, Newtral and Verificat. Based on the results obtained, a typology has been established to identify the style, format and content of the misinformation under study. In this way, we follow the main trends in the manipulation dynamics that shaped the media coverage of the latest war in European territory. In total, up to 307 verifications by verifiers working in the Spanish context are analyzed. Unlike the hoaxes related to the origin of the coronavirus, in which the preferred format was the text message, in the invasion of Ukraine visual evidence has prevailed in the media coverage of the conflict during the initial phase of the conflict. We will see which are the social networks in which the greatest traffic and viralization of false news is detected, exposing users to manipulative content to a greater extent. Likewise, the potential implementation of a transnational network to combat disinformation in war contexts will be assessed. We will pay special attention to the important role of Spanish fact-checkers both at the European level and in identifying false information, avoiding its dissemination in Latin America. And, finally, we will detect the new challenges that war fact-checking faces, as a result of the evolution of falsification strategies in the construction of the collective narrative about the Russo-Ukrainian war in the post-truth era.},
author = {Raúl Magallón-Rosa and Carolina Fernández-Castrillo and Miriam Garriga},
journal = {El Profesional de la información},
volume = {null},
pages = {null},
doi = {10.3145/epi.2023.sep.20},
}

@article{91019ee4c78bcb7ee9453a8e0ffd26d56eaa7999,
title = {Soviet disinformation and the news},
year = {1987},
url = {https://www.semanticscholar.org/paper/91019ee4c78bcb7ee9453a8e0ffd26d56eaa7999},
abstract = {null},
author = {Winifred Meiselman and J. G. Pilon and John Lenczowski and John J. Dziak and R. Godson and Richard H. Shultz and Stanislav Levchenko and R. K. Bennett and Kenneth V. Jacobson and J. Maitre and Sir James Goldsmith},
journal = {Political Communication},
volume = {4},
pages = {29-64},
doi = {10.1080/10584609.1987.9962807},
}

@article{1fe51f591097deb7c2b592db1e7551af423c9ead,
title = {Patterns and Actors of Disinformation: Analysis of Debunked Hoaxes in Spain in 2022},
year = {2023},
url = {https://www.semanticscholar.org/paper/1fe51f591097deb7c2b592db1e7551af423c9ead},
abstract = {This research examines the patterns followed by disinformation in Spain through the fact-checking activities of Maldita.es, the leading fact-checking organisation in Spain. We sought to answer three research questions: 1. What are the predominant topics of the hoaxes debunked by Maldita.es? 2. Who is responsible for the creation and dissemination of these hoaxes? and 3. In what formats and platforms are these hoaxes generally distributed? For this purpose, we conducted a quantitative content analysis of 729 hoaxes fact-checked in 2022 by Maldito Bulo. 40.7% of the debunked hoaxes were related to social issues, while 37.2% focused on political affairs. Regarding those responsible for the creation and dissemination, most of the hoaxes came from unidentified sources, although when the identity is known, the most frequent contributors are social media accounts, alternative and partisan pseudo-media and journalists. These results explore the general disinformation scenario in Spain, using fact-checking as an approximation and discussing its implications.},
author = {David Blanco-Herrero and Bárbara Castillo-Abdul and Luis Miguel Romero Rodríguez},
journal = {KOME},
volume = {null},
pages = {null},
doi = {10.17646/kome.of.3},
}

@article{38b4e71d96f52ae14a0d9d7259c44ee9e5b4558a,
title = {Desinformación y democracia subnacional en Twitter},
year = {2023},
url = {https://www.semanticscholar.org/paper/38b4e71d96f52ae14a0d9d7259c44ee9e5b4558a},
abstract = {La desinformación es un fenómeno global en crecimiento que ha surgido del desarrollo y consolidación de grandes plataformas digitales como Twitter y Facebook. Los mensajes producidos en plataformas digitales para persuadir y convencer a los votantes se están convirtiendo en un aspecto central del análisis de las campañas electorales e incluso del trabajo gubernamental a nivel nacional y subnacional. Sin embargo, el papel de este recurso cada vez más utilizado en campañas políticas en plataformas digitales, especialmente Twitter, no ha recibido la misma atención en la esfera electoral subnacional. En este contexto, este artículo gira en torno a la siguiente pregunta: ¿Qué tipos de desinformación fueron promovidos por los oponentes de Claudia López en Twitter durante la campaña para las elecciones a la alcaldía de Bogotá en 2019? El estudio de caso utilizado para responder a esta pregunta de investigación son las elecciones de 2019 para elegir al alcalde de Bogotá, Colombia en las que compitieron Claudia López, Carlos Fernando Galán, Miguel Uribe y Hollman Morris. Este concurso electoral subnacional se caracterizó por el uso significativo de Twitter tanto por parte de los candidatos como de los partidarios y oponentes. La metodología utilizada en este artículo fue mixta, combinando métodos cualitativos y cuantitativos. Se utilizó el Análisis de Contenido, que es uno de los métodos más utilizados para estudiar el contenido manifestado en los medios. Este artículo demuestra la creciente importancia del estudio de las campañas políticas a través de las redes sociales a nivel subnacional y el uso de la desinformación para atacar a adversarios políticos. Muestra los tipos de desinformación promovidos por los oponentes de Claudia López en Twitter durante su campaña para alcalde de Bogotá en 2019, siendo Sátira, Conexión Falsa y Contenido Engañoso los más comunes.},
author = {Juan Federico Pino Uribe and Liliana María Alzate Gómez and Juan David Melo Melo and Alejandro Carvajal Pardo},
journal = {Democracias},
volume = {null},
pages = {null},
doi = {10.54887/27376192.74},
}

@article{04de8e5431ba75283aa0198b4919b2d18d77db8b,
title = {Desinformación sobre la guerra de Israel-Hamás: Análisis de las fake news identificadas por las plataformas de verificación españolas},
year = {2024},
url = {https://www.semanticscholar.org/paper/04de8e5431ba75283aa0198b4919b2d18d77db8b},
abstract = {La presente investigación examina, a través de un análisis de contenido, los rasgos de las fake news difundidas en España sobre la guerra Israel-Hamás y registradas en las plataformas de verificación Maldita.es, Newtral, Efe Verifica, Verificat e Infoveritas entre el 7 de octubre de 2023 y el 7 de marzo de 2024, es decir, los primeros cinco meses del conflicto (n=232). Se detecta el protagonismo de los elementos audiovisuales en estos mensajes —difundidos principalmente a través de X— con el fin de dotar de una mayor verosimilitud al relato. También se percibe un fin eminentemente ideológico y una ausencia mayoritaria de fuentes identificadas, así como la descontextualización de la información. Predominan los bulos sobre ataques, bombardeos y muertes de civiles, la mayoría referidos a ofensivas de Israel contra Gaza. Para la verificación de estos contenidos, los fact-checkers recurren a un amplio repertorio de recursos y herramientas principalmente digitales.},
author = {Álvaro López-Martín and Alba Córdoba-Cabús},
journal = {Estudios sobre el Mensaje Periodístico},
volume = {null},
pages = {null},
doi = {10.5209/esmp.95088},
}

@article{f688f9b38cba1c24243da4406d7e4bfd13d6e355,
title = {desinformación en auge: un Análisis de los bulos sobre política española},
year = {2023},
url = {https://www.semanticscholar.org/paper/f688f9b38cba1c24243da4406d7e4bfd13d6e355},
abstract = {Este trabajo explora, mediante un análisis de contenido, los rasgos de los bulos sobre política española registrados en las plataformas de verificación Maldita.es, Newtral, EFE Verifica y Verificat entre el 1 de enero y el 31 de marzo de 2022. Estos mensajes se difunden principalmente por Twitter y Facebook, empleando para ello el texto como soporte. También se demuestra la predominancia del propósito ideológico, la elevada presencia de relatos de invención absoluta, el protagonismo compartido de las fuentes anónimas y suplantadas, el empleo del estilo informativo y la preponderancia de las formaciones de izquierdas como objeto de los bulos.},
author = {Álvaro López-Martín and Bernardo Gómez-Calderón and Alba Córdoba-Cabús},
journal = {VISUAL REVIEW. International Visual Culture Review / Revista Internacional de Cultura Visual},
volume = {null},
pages = {null},
doi = {10.37467/revvisual.v10.4596},
}

@article{c80699b26d2a1a64ad05df3cf203f57d47d9c909,
title = {Desinformación en España un año después de la COVID-19. Análisis de las verificaciones de Newtral y Maldita},
year = {2022},
url = {https://www.semanticscholar.org/paper/c80699b26d2a1a64ad05df3cf203f57d47d9c909},
abstract = {null},
author = {Ana Almansa-Martínez and M. J. Fernández-Torres and Leticia Rodríguez-Fernández},
journal = {Revista Latina de Comunicación Social},
volume = {null},
pages = {null},
doi = {10.4185/rlcs-2022-1538},
}

@article{50542938d8ffc0f353339004be4f8373362c9c70,
title = {Desinformação e política no debate público-político digital contemporâneo},
year = {2022},
url = {https://www.semanticscholar.org/paper/50542938d8ffc0f353339004be4f8373362c9c70},
abstract = {O avanço da sociedade digital contribui para multiplicar a difusão dos populismos e da desinformação. Neste contexto, a chamada "pós-verdade" surge como um dos principais marcos de pensamento e distorção para promover notícias falsas. Este artigo visa contribuir para o debate e a reflexão acadêmica sobre este tema, descrevendo três casos de desinformação ligados ao debate público-político na Espanha. O estudo destes casos nos permite avançar na reflexão sobre algumas das medidas mais eficazes contra a desinformação em uma área em que a alfabetização midiática continua sendo um dos principais antídotos contra a desinformação, juntamente com as ações de fact-checking ou verificação informativa de diferentes organizações e instituições, tanto dentro como fora da esfera midiática.},
author = {Ainara Larrondo Ureta and Eva María Ferreras Rodríguez and Julen Orbegozo Terradillos},
journal = {Culturas Midiáticas},
volume = {null},
pages = {null},
doi = {10.22478/ufpb.2763-9398.2022v17n.64387},
}

@article{503a2bccc16691ff856263273106a2bc51201c27,
title = {Las fake news y su percepción por parte de los jóvenes españoles: el influjo de los factores sociodemográficos},
year = {2022},
url = {https://www.semanticscholar.org/paper/503a2bccc16691ff856263273106a2bc51201c27},
abstract = {Desde hace algo más de un lustro, las fake news se han convertido en un fenómeno global que incide de modo determinante en los flujos comunicativos mundiales. Dado que el canal prioritario a través del cual se difunden son las redes sociales, cabe pensar que los jóvenes, principales usuarios de estas aplicaciones, constituyen el colectivo más expuesto a ellas. En este trabajo se analiza, partiendo de un muestreo representativo de los individuos residentes en España de entre 15 y 24 años (n=1.068), la percepción que los jóvenes tienen de las fake news, atendiendo a la frecuencia con que las reciben, sus temáticas y fuentes más habituales y el modo en que se enfrentan a ellas, teniendo en cuenta cómo influyen en su recepción factores sociodemográficos como el sexo, la edad, el hábitat, la ideología o el nivel formativo. Entre otras constataciones, los resultados evidencian que cuanto mayor es la edad y el nivel formativo, mayores son las tasas de reconocimiento y verificación de noticias falsas; que es más habitual contrastar las informaciones entre los individuos que viven en grandes municipios; y que quienes se sitúan a la derecha del espectro ideológico verifican con menor frecuencia que el resto de jóvenes.
 },
author = {Bernardo Gómez Calderón and Alba Córdoba-Cabús and Álvaro López-Martín},
journal = {Doxa Comunicación. Revista Interdisciplinar de Estudios de Comunicación y Ciencias Sociales},
volume = {null},
pages = {null},
doi = {10.31921/doxacom.n36a1741},
}

@article{1e43f5eb0fee565fcb340b73ed6dc44457db7afc,
title = {Disinformation in the Spanish public debate: an analysis of political speeches in the Congress of Deputies},
year = {2024},
url = {https://www.semanticscholar.org/paper/1e43f5eb0fee565fcb340b73ed6dc44457db7afc},
abstract = {Disinformation is one of the main challenges faced by modern democratic societies, becoming a crucial focus of study in political communication. Terms such as lie, falsehood, hoax, disinformation, or post-truth have become part of the daily language of the media, featured in numerous scientific studies, and entered political discourse. With the aim of delving into and determining the characteristic features of Spanish politicians' discourse on disinformation, a methodology of quantitative and qualitative content analysis is applied to a total of 1,115 interventions by members of the Congress of Deputies during the first year of the COVID-19 pandemic in Spain. This period is chosen due to its high levels of disinformation and polarization. The results indicate that the issue of disinformation is a minor topic on the Spanish political agenda. Furthermore, metrics confirm a much higher use of terms such as lie, false, and hoax, to the detriment of other words like disinformation or post-truth. An impact of the pandemic on the main themes related to this phenomenon is also detected, with health and the economy being the primary frames identified. From an interpretative perspective, this is attributed to the tendency of Spanish politicians to use this issue as just one element within a polarizing and confrontational rhetoric, generally eschewing proactive debates on the measures needed to address disinformation.},
author = {Ricardo Domínguez-García and Ana Velasco-Molpeceres and Concha Pérez-Curiel},
journal = {Frontiers in Communication},
volume = {null},
pages = {null},
doi = {10.3389/fcomm.2024.1363941},
}

@article{a217e5e2cc561b582f971e4b1589892cf906487b,
title = {Disinformation, hoaxes, curation and verification: review of studies in Ibero-America 2017-2020},
year = {2022},
url = {https://www.semanticscholar.org/paper/a217e5e2cc561b582f971e4b1589892cf906487b},
abstract = {Abstract The objective of this article is to carry out a review of disinformation research in the Ibero-American area between 2017 and 2020. To do this, American Psychological Association standards for social scientific reviews are followed and about 60 papers published in indexed journals in Ibero-America are analyzed, as well as published books on the subject. The results are shown grouped into three parts. First, the three fundamental concepts related to disinformation are reviewed: the term of disinformation itself, as well as post-truth and infodemic. Second, the main disinformation products are studied: fake news, information disorders and hoaxes, according to their types, themes, formats, and channels. In the third part, the main strategies against disinformation are presented, reviewing the published works of two of them: content curation and fact checking. The most notable authors, by quantity of research, on the subject are Magallón-Rosa with 6 works, Ufarte-Ruiz with 4 and García-Marín with 3 works. Likewise, the studies by Dolors Palau-Sampio (2018. Fact-checking y vigilancia del poder: La verificación del discurso público en los nuevos medios de América Latina [Fact-checking and surveillance of power: The verification of public discourse in Latin America’s new media]. Communication & Society 31(3). 347–365), Ángel Vizoso & Jorge Vázquez-Herrero (2019. Plataformas de fact checking en español. Características, organización y método [Fact checking platforms in Spanish. Characteristics, organization and method]. Communication & Society 32(1). 127–144), and Carlos Rodríguez-Pérez (2019. No diga fake news, di desinformación: Una revisión sobre el fenómeno de las noticias falsas y sus implicaciones [Don’t say fake news, say disinformation: A review of the fake news phenomenon and its implications]. Comunicación 40. 65–74), can be highlighted for their analysis of disinformation in the Ibero-American area; for their analysis of the typologies of hoaxes the work of Ramón Salaverría, Nataly Buslón, Fernando López-Pan, Bienvenido León, Ignacio López-Goñi & María-Carmen Erviti (2020. Desinformación en tiempos de pandemia: tipología de los bulos sobre la covid-19 [Disinformation in times of pandemic: Typology of Covid-19 hoaxes]. El profesional de la información 29(3). e290315) and for the proposals on curation the works of López-Borrull with collaborators. Conclusions include that the phenomenon of disinformation is highly polyhedral, but society has instruments to deal with it, such as curation and verification (fact checking).},
author = {J. Guallar and Lluís Codina and Pere Freixa and Mario Pérez-Montoro},
journal = {Online Media and Global Communication},
volume = {1},
pages = {648 - 668},
doi = {10.1515/omgc-2022-0055},
}

@article{96da2bf49ee93263b98457c3c9418882e1d78824,
title = {Verificación del discurso público desde la sociedad civil. Caso de la coalición Ecuador Verifica},
year = {2022},
url = {https://www.semanticscholar.org/paper/96da2bf49ee93263b98457c3c9418882e1d78824},
abstract = {Reconocer y evitar impactos de las noticias falsas en épocas electorales es ámbito de preocupación para las instituciones, la academia y los ciudadanos porque inciden en la calidad de la democracia, bajo esta premisa se creó la coalición Ecuador Verifica para mitigar el impacto de las redes de desinformación, contribuir con la evaluación de la veracidad del discurso político; y, dotar a la ciudadanía de herramientas para discernir entre información cierta y falsa. Los propósitos del trabajo son compartir el esquema la coalición Ecuador Verifica y evaluar su trabajo. La metodología es cualitativa a través de estudio de caso y entrevistas semiestructuradas. La lucha contra la desinformación es un esfuerzo colectivo, Ecuador Verifica lo aborda desde múltiples perspectivas y gracias a la confluencia de actores de diversa procedencia: medios, sociedad civil y academia, aunque la incorporación de los sectores privado y público ayudaría a la diversidad.},
author = {Abel Suing and César Ricaurte and Kruzkaya Ordóñez},
journal = {Documentación de las Ciencias de la Información},
volume = {null},
pages = {null},
doi = {10.5209/dcin.77523},
}

@article{84d102e6eda61ba6443a28815fdf4e16d70aa36f,
title = {Video Activism: Digital Practices to Narrate Social Movements during the Fifa World Cup (2014)},
year = {2017},
url = {https://www.semanticscholar.org/paper/84d102e6eda61ba6443a28815fdf4e16d70aa36f},
abstract = {This article aims to analyse media activist practices – developed in the context of the FIFA World Cup protests, in 2014 – and their possible consequences for journalistic practice. At present, in Rio de Janeiro, various groups have emerged, using cameras and cyberspace as political tools. As a result, their network became an extension of the public square. Through participant observation, semi-structured interviews, digital methods and a video database created between June and July of 2014, the characteristics of this type of activism are presented, examining the activists' relationship with cyberspace, their production routine and how these practices influenced contemporary journalism. Video activists created productive routines influenced by journalism but rejected some of the professional practices used in the field. However, video activism, as a media phenomenon, was capable of instigating changes in the journalistic practice and formats. Este artigo pretende analisar as praticas mediaticas ativistas – desenvolvidas no contexto das manifestacoes durante o Mundial de Futebol da FIFA, em 2014 - e suas possiveis consequencias para as praticas jornalisticas. Naquele momento surgiram diversos grupos que utilizavam a câmera e o ciberespaco como ferramenta de luta politica. A rede se transformou em uma extensao da praca publica. Atraves da observacao participante, entrevistas semi-estruturadas, metodos digitais e uma base de datos de videos produzidos entre junho e julho de 2014, apresentamos as principais caracteristicas deste tipo de ativismo, abordando suas relacoes com o ciberespaco, sua metodologia de trabalho e como estas praticas influenciaram o jornalismo contemporâneo. Os video ativistas criaram rotinas produtivas influenciadas pelo jornalismo, mas se afastaram de muitas das praticas profissionais utilizadas no campo. Entretanto, o video ativismo, como fenomeno midiatico, tambem foi capaz de inserir modificacoes nas praticas e formatos jornalisticos. Este articulo pretende analizar las practicas mediaticas activistas – desarroladas en el contexto de las protestas durante el Mundial de Futebol de la FIFA, en el 2014 – y sus posibles consequencias para las practicas periodisticas. En aquel momento emergieron, principalmente en Rio de Janeiro, diversos grupos que utilizaban la camara y el ciberespacio como herramienta de lucha politica. La red se transformo en una extension de la plaza publica. A traves de la investigacion participativa, entrevistas semi-estructuradas, metodos digitales y una base de datos de videos producidos entre junio y julio del 2014, presentamos las caracteristicas de este tipo de activismo, abordando sus relaciones con el ciberespacio, sus rutinas productivas  y como estas practicas influyeron en el periodismo contemporaneo. Los videoactivistas crearon rotinas productivas influenciadas por el periodismo, pero tambien se alejaron de muchas de las practicas profesionles utilizadas en el campo. Entretanto, el video activismo, como un fenomeno mediatico, fue capaz de inserir modificacoes tanto en las practicas como en los formatos periodisticos.},
author = {Ana Lúcia Nunes de Sousa},
journal = {Brazilian journalism research},
volume = {13},
pages = {38-63},
doi = {10.25200/BJR.V13N1.2017.898},
}

@article{f35bde43408d52374cf6f9a14537149bdaf108cf,
title = {Los documentales en la Era Digital: la democratización de la producción audiovisual},
year = {2013},
url = {https://www.semanticscholar.org/paper/f35bde43408d52374cf6f9a14537149bdaf108cf},
abstract = {null},
author = {L. Soler},
}

@article{5cea4b85c4c49de198d57a6141a447a2ace1135a,
title = {La Universidad Pública de Navarra en la prensa escrita (2008-10) Estudio sobre percepción y realidad en el discurso periodístico},
year = {2012},
url = {https://www.semanticscholar.org/paper/5cea4b85c4c49de198d57a6141a447a2ace1135a},
abstract = {In the face of worries of the Public University of Navarre (UPNA) with regard to the journalistic overtones that affect, repeatedly, to the objectivity of their information, it was realized a study with regard to the treatment granted by the mass media to the information of the UPNA, especially, the originated ones in Diario de Navarra . In order to complement the quantitative study, a qualitative one was programmed with interviews to internal publics of the University and to certain external publics, in this case, some outstanding journalists. The aim is to analyze the perceptions of different individuals on the journalistic discourse, comparing opinions and facts, in a long period of informative work of almost 2 years.},
author = {Manuel Palencia-Lefler i Ors},
doi = {10.5209/rev_ESMP.2012.v18.n1.39374},
}

@article{a98eda28e852455eeafe0d2651ff0fb5367a1142,
title = {Latin American Struggles| Student Online Video Activism and the Education Movement in Chile},
year = {2015},
url = {https://www.semanticscholar.org/paper/a98eda28e852455eeafe0d2651ff0fb5367a1142},
abstract = {null},
author = {Patricia Peña and Raúl Rodríguez and Chiara Sáez},
journal = {International Journal of Communication},
volume = {9},
pages = {19},
}

@article{342bcf8a6981cbc17764a27f28c129d0399619b5,
title = {El cine documental se inventa a sí mismo},
year = {2010},
url = {https://www.semanticscholar.org/paper/342bcf8a6981cbc17764a27f28c129d0399619b5},
abstract = {El cine documental esta sujeto aun hoy dia a numerosas reconstrucciones y reelaboraciones constantes. En este articulo se hace un breve repaso sobre el mismo y sobre la dicotomia realidad/ficcion, ya que ambas despiertan en la actualidad gran cantidad de debates acentuados por los cambios y transformaciones que este “genero” lleva desarrollando desde sus origenes.},
author = {Nieves Febrer},
doi = {10.5209/ARAB.4902},
}

@article{70e405acd3d7439b1d1ce5266623388147e3c24e,
title = {Ciberactivista: una nueva identidad en las ciudades africanas},
year = {2014},
url = {https://www.semanticscholar.org/paper/70e405acd3d7439b1d1ce5266623388147e3c24e},
abstract = {El incipiente pero rapido proceso de expansion de las Tecnologias de la Informacion y la Comunicacion (TIC) en Africa esta ya teniendo impactos diversos en estas sociedades. Uno de estos fenomenos tiene que ver con la identificacion de los usuarios mas convencidos de su utilidad y las propias herramientas. Asi nos encontramos cada vez mas con individuos que se identifican como blogueros, tuiteros o ciberactivistas, por ejemplo. Esta contribucion analiza el caso de Senegal, donde una experiencia exitosa (al menos, desde la perspectiva de reperscusion) de uso de las redes sociales y de las herramientas de la web 2.0 como instrumento de participacion social y politica durante las elecciones presidenciales de 2012 se encuentra muy ligada al surgimiento de una identidad: la de ciberactivista. El caso senegales y muestra como esta identidad tiene una dimension personal, de autoafirmacion y autodefinicion de los individuos, y una dimension colectiva, de pertenencia a una comunidad. Tanto una como la otra presentan rasgos propios, diferentes a los de las categorias tal y como se entendian hasta el momento, fundamentalmente porque funden y confunden el ambito virtual y el presencial. Debido a la propia dinamica de expansion de la tecnologia, esta identidad es fundamentalmente, aunque no exclusivamente, juvenil y urbana y genera toda una serie de dinamicas novedosas, al menos, en el colectivo al que afecta. Por este motivo, ademas de observar el surgimiento y la evolucion de este fenomeno se plantearan tambien algunas de sus implicaciones en materia, por ejemplo, de participacion social y politica de colectivos tradicionalmente “invisibles”, mas alla de las nuevas formas de sociabilidad, pero tambien ciertas modificaciones en las reglas del juego que pueden determinar cambios sociales. DOI: 10.15213/redes.n9.p47},
author = {Carlos Bajo Erro},
doi = {10.15213/redes.n9.p47},
}

@article{aedaa6c87430991a6f15262b464d3ea5731e4832,
title = {Twitter, #primaveravalenciana y generación de noticias},
year = {2014},
url = {https://www.semanticscholar.org/paper/aedaa6c87430991a6f15262b464d3ea5731e4832},
abstract = {Twitter cambia la relacion entre los medios de comunicacion de masas y sus publicos. Por tanto cambia tambien el proceso de formacion de la Opinion Publica. En este articulo se analiza la presencia de Twitter en las noticias relacionadas con la �Primavera valenciana� y como ha influido de manera relevante en el establecimiento de la Agenda Setting.},
author = {Jaime Albero Gabriel},
doi = {10.5209/rev_ciyc.2014.v19.43914},
}

@article{f71356244f9d08fd84d0b74b6967b6bfa54828e3,
title = {Las transformaciones de los contenidos audiovisuales y la influencia de los dispositivos móviles en el nuevo escenario transmedia},
year = {2012},
url = {https://www.semanticscholar.org/paper/f71356244f9d08fd84d0b74b6967b6bfa54828e3},
abstract = {A traves de las aportaciones de la colectividad, en un entorno de lo que podriamos llamar periodismo ciudadano, se han creado las bases para que eventos como la Primavera Arabe prosperen. Todos podemos ser narradores con posibilidades de influir en la sociedad y en politica, es solo cuestion de talento, voluntad y un movil. Las novedades introducidas por las herramientas moviles afectan a la forma de establecer la relacion fisica e imaginaria entre el que filma, o el que disfruta de contenidos en su pantalla movil, y su entorno. Gracias a las caracteristicas unicas de GPS, interactividad, portabilidad, transmision de video en directo se pueden crear universos diegeticos envolventes, lo que permite desarrollar una inedita sensibilidad personal con respecto a lo virtual. La ubicuidad y la movilidad permiten nuevas y revolucionarias posibilidades para incluir los moviles en las narrativas transmediaticas, pero estamos todavia lejos de sacarle su potencial. Seguramente un camino es el de poder jugar en entornos urbanos, aprovechando las herramientas de realidad aumentada, mezclados con contenidos audiovisuales que pueden ir apareciendo constantemente en pantalla. Juegos de este tipo ya existen, aunque falta que se popularicen de forma masiva para poder medir su eficacia y calado.},
author = {Alberto Tognazzi Drake},
journal = {Anàlisi: Quaderns de Comunicació i Cultura},
volume = {},
pages = {81-95},
doi = {10.7238/A.V0IM.1503},
}

@article{9ae1e21248bcbd1332766284caa13587665c0c73,
title = {Políticas del Departamento de Cultura y Medios de Comunicación de la Generalitat de Catalunya para la digitalización de la cultura},
year = {2010},
url = {https://www.semanticscholar.org/paper/9ae1e21248bcbd1332766284caa13587665c0c73},
abstract = {null},
author = {Germà Bustamante i Giralt and Enric Cobo Barri and Jordi Gabaldà Azofra and M. P. Vinyeta and Josep Vives i Gràcia},
journal = {BiD: Textos Universitaris de Biblioteconomia i Documentació},
volume = {},
pages = {8},
}

@article{9686fde0d83e5daccf5f17167d426a15fb0be5fa,
title = {'Spain is US. La Guerra Civil española en el cine del Popular Front (1936-1939)', de Sonia García López [Ressenya]},
year = {2015},
url = {https://www.semanticscholar.org/paper/9686fde0d83e5daccf5f17167d426a15fb0be5fa},
abstract = {null},
author = {Benedikt Behrens},
}

@article{5393786adaa2bb61092d5c27a77663d4acefa6b6,
title = {The Spontaneous Video and its Impact on the Digital Press},
year = {1970},
url = {https://www.semanticscholar.org/paper/5393786adaa2bb61092d5c27a77663d4acefa6b6},
abstract = {Most of us now have instant access mobile phones with integrated cameras so we are able to record an unplanned video at any time and place within a matter of seconds. Modern technology has provided us with the ability to create spontaneous videos. Spontaneous videos are a new way of portraying our society and communicating events and, by means of the internet and web 2.0 applications, they have the potential to reach every corner of the globe, form an integral part of mass media news reports, and influence public opinion. This study establishes the basis for identifying and understanding the spontaneous video, analysing its application in video activism and citizen journalism, and investigating its impact on the digital press. To this end, we have analysed spontaneous videos created and shared online by IES Lluís Vives students in Valencia on the 15th of February, 2012. Students held a protest on this date against education cuts carried out by the Valencian Community government in Spain. The resulting spontaneous videos had a great impact on the media and were reported by Spanish digital newspapers including El País, El Mundo, La Razón, ABC and Público.},
author = {R. Fernández-Martínez},
journal = {Communication &amp; Society},
volume = {null},
pages = {null},
doi = {10.15581/003.32.37826},
}

@article{81a5d6887a218d7817e5a268726b37f385bfda60,
title = {Movimientos sociales y comunicación: la red como paradigma},
year = {2012},
url = {https://www.semanticscholar.org/paper/81a5d6887a218d7817e5a268726b37f385bfda60},
abstract = {La emergencia de las redes de movimientos sociales como formas novedosas de la accion colectiva no solo tiene que ver con la apropiacion de las tecnologias de la informacion y la comunicacion por parte de activistas, artistas y programadores, sino con la busqueda de formas de organizacion no jerarquicas y con un ideal democratico y horizontal: la eutopia?? de la red, esa utopia actuada aqui y ahora. Desde la decada de los noventa, los activistas dedicados a tareas de comunicacion usaron internet como una herramienta favorable a la difusion transnacional de las causas de los movimientos sociales. El uso ludico y libertario de las tecnologias digitales iniciado por los primeros programadores y hacktivistas se ha profundizado a partir de experiencias concretas que sorprenden en su irrupcion y que contrastan con el desarrollo de estrategias tecnologicas para el control social y para el provecho economico. En este articulo se caracteriza a las redes activistas como formas emergentes de la politica y se ofrecen algunos ejemplos de sus practicas comunicativas.},
author = {Guiomar Rovira Sancho},
journal = {Anàlisi: Quaderns de Comunicació i Cultura},
volume = {},
pages = {91-104},
doi = {10.7238/A.V0I45.1302},
}

@article{40e9e1f069a44642ff85c7661575d3d17def3435,
title = {Las protestas de la #primaveravalenciana de 2012 y la #Intifalla: medios, redes y ciudadanos The Protests of the #Primaveravalenciana of 2012 and the #Intifalla: Media, Networks and Citizens},
year = {2014},
url = {https://www.semanticscholar.org/paper/40e9e1f069a44642ff85c7661575d3d17def3435},
abstract = {null},
author = {G. L. García},
}

@article{f6fd3cf1f37fe1ac00ae6c1a5b15dd8dbedff9ec,
title = {El documental de objetivación: realismo, estética y temporalidad},
year = {1970},
url = {https://www.semanticscholar.org/paper/f6fd3cf1f37fe1ac00ae6c1a5b15dd8dbedff9ec},
abstract = {Este artículo entra en el debate sobre la representación de la realidad para describir una nueva categoría de documental: el documental de objetivación. Estos documentales aparecen a partir de los años 2000 con, por ejemplo, Bosnia. Lost Images (2003) y cuestionan cierta propaganda de guerra. Persiguen dos objetivos: por una parte, desconstruyen las convenciones del estilo realista y desvelan el truco de su presunta inmediatez y de su valor como “prueba” de lo acontecido; por otra, tratan de comunicar una historia desde una visión racional, “objetivada” de los hechos. Se presentan, por tanto, como una herramienta epistemológica deudora de una racionalidad científica. En este artículo, se caracterizará primero el documental de estilo realista, que ha sido el hegemónico entre los años 60 y 90. Seguidamente, se desarrollará el concepto de objetivación en el cine documental y se describirán las estrategias utilizadas por este tipo de películas. Metodológicamente, se recurrirá a la estética según la propuesta de Corner (2003). Se acompañará esta presentación con el estudio de caso de las noticia de estilo realista sobre el asesinato de Al-Durah en el 2000, que ha sido objetivada posteriormente por el documental El niño, la muerte y la verdad (2011). En el último apartado, se analizará una de las estrategias visuales más poderosas para construir la objetividad en un documental, a saber, la manipulación de la temporalidad. En las conclusiones reflexionaré sobre la presunta racionalidad y el cientificismo de tales documentales, así como de su ideología epistémica},
author = {Pol Capdevila},
journal = {Communication &amp; Society},
volume = {null},
pages = {null},
doi = {10.15581/003.28.4.SP.67-85},
}

@article{bb899a40c8bb699be1f21037bd048bc81b473ec7,
title = {Video Activism: A Descriptive Typology},
year = {2015},
url = {https://www.semanticscholar.org/paper/bb899a40c8bb699be1f21037bd048bc81b473ec7},
abstract = {null},
author = {Concha Mateos and C. Gaona},
journal = {Global media journal},
volume = {},
pages = {1},
}

@article{4983521042ae139eb33505b25057d72020122b01,
title = {La convergencia entre internet y la telefonía móvil. ¿Un desafío para la democracia representativa?},
year = {2011},
url = {https://www.semanticscholar.org/paper/4983521042ae139eb33505b25057d72020122b01},
abstract = {null},
author = {M. C. Menéndez},
}

@article{59c8bf02be8878760dd4f0a6e41861d230c2876a,
title = {Remaining challenges for digital newspapers regarding informative updates: case studies in the Spanish media},
year = {2018},
url = {https://www.semanticscholar.org/paper/59c8bf02be8878760dd4f0a6e41861d230c2876a},
abstract = {null},
author = {J. C. Marcos-Recio and C. Edo-Bolós and D. Parra-Valcarce},
}

@article{10f2f3b517e9a27814f1e16789be05b2551507fb,
title = {El "desarrollo atrofiado" de la cultura móvil: el extraño caso de los contenidos móviles},
year = {2008},
url = {https://www.semanticscholar.org/paper/10f2f3b517e9a27814f1e16789be05b2551507fb},
abstract = {null},
author = {Gerard Goggin},
}

@article{ab2cc98cb8d45cbdcb871746e31feb96eda447c4,
title = {Necesidades legislativas emergentes: el derecho al anonimato en Internet},
year = {2011},
url = {https://www.semanticscholar.org/paper/ab2cc98cb8d45cbdcb871746e31feb96eda447c4},
abstract = {null},
author = {Ramón M. Orza},
}

@article{14708204b3d78b6dba80f32b141ca56c9c3ef714,
title = {Aprehender la realidad. Las emociones y el deseo en el documental},
year = {2011},
url = {https://www.semanticscholar.org/paper/14708204b3d78b6dba80f32b141ca56c9c3ef714},
abstract = {null},
author = {Elena Oroz},
}

@article{b413b2eaa990f53c83e97bdda02ea8a295e577fe,
title = {Subgroup Differences in Implicit Associations and Explicit Attitudes during Wartime},
year = {2021},
url = {https://www.semanticscholar.org/paper/b413b2eaa990f53c83e97bdda02ea8a295e577fe},
abstract = {
 When their country is at war, individuals express support for their government and hostility toward the foreign adversary, leading to the “rally ′round the flag” effect. What is less understood is how, during a rally, ethnic identity and proximity to conflict relate to attitudes toward the home state and the adversary. Moreover, individuals may feel pressure to answer patriotically when asked about the conflict, particularly individuals who share an ethnic identity with the majority population of the foreign adversary, leading to biased measures of opinion. We study these dynamics in the context of Ukraine's ongoing war with Russia, comparing responses from self-identified ethnic Ukrainians and Russians in four cities in Ukraine. Using a lab-based implicit association test (IAT) and survey with 600 respondents, we examine whether respondents’ implicit biases, reflexive preferences that are hard to manipulate, match their explicitly stated preferences for either Ukraine or Russia. We find that, on average, ethnic Ukrainians and Russians in Ukraine are explicitly and implicitly pro-Ukraine, although we observe slightly lower levels of pro-Ukraine bias among ethnic Russians. We also find that 70 percent of those who are implicitly pro-Russia are explicitly neutral or pro-Ukraine, highlighting the need to study implicit associations in sensitive settings.
 Cuando un país está en guerra, la población expresa su apoyo al gobierno y hostilidad hacia el adversario extranjero, lo cual produce el efecto de “agruparse alrededor de la la bandera” [“rally ‘round the flag”]. Lo que no se comprende bien es la manera en que, durante una agrupación alrededor de la bandera, la identidad étnica y la proximidad al conflicto se relacionan con ciertas actitudes hacia el estado local y el adversario. Además, las personas pueden sentirse presionadas para responder de forma patriótica cuando se les pregunta acerca del conflicto, en particular aquellas que comparten una identidad étnica con la mayoría de la población del adversario extranjero, algo que da lugar a medidas de opinión sesgadas. Estudiamos estas dinámicas en el contexto de la guerra actual entre Ucrania y Rusia, comparando respuestas de ucranianos y rusos autoidentificados étnicamente en cuatro ciudades de Ucrania. Utilizando una prueba de asociación implícita (implicit association test, IAT) de laboratorio y una encuesta con 600 participantes, examinamos si los sesgos implícitos (preferencias reflexivas que son difíciles de manipular) de los encuestados coinciden con sus preferencias expresadas, ya sea a favor de Ucrania o de Rusia. Descubrimos que, en promedio, las personas de origen étnico ucraniano y ruso en Ucrania están explícita e implícitamente a favor de Ucrania, aunque observamos niveles levemente más bajos de sesgo a favor de Ucrania en personas de origen étnico ruso. Además, observamos que el 70 percent de aquellas personas que están implícitamente a favor de Rusia están explícitamente a favor de Ucrania o tienen una postura neutral, lo cual resalta la necesidad de estudiar asociaciones implícitas en entornos sensibles.
 Lorsque leur pays est en guerre, les individus expriment leur soutien pour leur gouvernement et leur hostilité envers l'opposant étranger, ce qui mène à un effet de « ralliement autour du drapeau ». Cependant, ce qui est moins compris, c'est la mesure dans laquelle l'identité ethnique et la proximité du conflit ont un lien avec les attitudes envers l’État de résidence et l'opposant durant ce ralliement. De plus, les individus peuvent ressentir une pression les poussant à répondre patriotiquement lorsqu'ils sont interrogés sur le conflit, particulièrement les individus qui partagent l'identité ethnique de la majorité de la population de l'opposant étranger, ce qui mène à des mesures d'opinion biaisées. Nous étudions ces dynamiques dans le contexte du conflit continu entre l'Ukraine et la Russie en comparant les réponses d'individus qui s'identifient d'eux-mêmes ethniquement en tant que Russes ou qu'Ukrainiens dans quatre villes d'Ukraine. Nous utilisons un test d'association implicite mené en laboratoire et une enquête sur 600 participants pour examiner si les préjugés implicites des participants, des préférences réflexives difficiles à manipuler, correspondent à leurs préférences explicitement déclarées envers l'Ukraine ou la Russie. Nous avons constaté qu'en moyenne, les Ukrainiens et Russes ethniques vivant en Ukraine étaient explicitement et implicitement pro-Ukraine, bien que nous ayons observé des niveaux de préférences pro-Ukraine légèrement inférieurs chez les Russes ethniques. Nous avons également découvert que 70 percent des personnes qui étaient implicitement pro-Russie étaient explicitement neutres ou pro-Ukraine, ce qui met en évidence le besoin d’étudier les associations implicites dans les environnements sensibles.},
author = {Aaron Erlich and Calvin Garner},
journal = {International Studies Quarterly},
volume = {},
pages = {null},
doi = {10.1093/ISQ/SQAB005},
}

@article{5d0af0114e46dbddc1b5b4e249db0c1fcafefa11,
title = {Science and technology with a human face: A goal of US-USSR cooperation},
year = {1991},
url = {https://www.semanticscholar.org/paper/5d0af0114e46dbddc1b5b4e249db0c1fcafefa11},
abstract = {null},
author = {L. Graham},
journal = {Technology in Society},
volume = {13},
pages = {11-22},
doi = {10.1016/0160-791X(91)90014-N},
}
