@Article{THORHALLSSON_2006,
  author      = {Thorhallsson, B.},
  title       = {The size of states in the european union: theoretical and conceptual perspectives},
  year        = {2006},
  journaltitle= {Journal of European Integration},
  volume      = {28},
  number      = {1},
  pages       = {7--31}
}

@Article{KREPINEVICH_1994,
  author      = {Krepinevich, A. F.},
  title       = {Cavalry to computer: the pattern of military revolutions},
  year        = {1994},
  journaltitle= {The National Interest},
  number      = {37},
  pages       = {30--42},
  url         = {http://www.jstor.org/stable/42896863},
  addendum    = {(Accessed: 7 September 2025)}
}

@Article{KEOHANE_1969,
  author      = {Keohane, R. O.},
  title       = {Lilliputians’ dilemmas: small states in international politics},
  year        = {1969},
  journaltitle= {International Organization},
  volume      = {23},
  number      = {2},
  pages       = {291--310}
}

@Article{FARRELL_2019,
  author      = {Farrell, H. and Newman, A. L.},
  title       = {Weaponized interdependence: how global economic networks shape state coercion},
  year        = {2019},
  journaltitle= {International Security},
  volume      = {44},
  number      = {1},
  pages       = {42--79}
}

@Book{HLAP_2022,
  author      = {{Department of Defence and Defence Forces},
  title       = {Building for the future: Change from within. High level action plan for the report of the Commission on the Defence Forces},
  year        = {2022},
  location    = {Newbridge, Co. Kildare},
  publisher   = {Department of Defence and Defence Forces}
}

@Book{CODF_2022,
  author      = {{Commission on the Defence Forces},
  title       = {Report of the Commission on the Defence Forces},
  year        = {2022},
  location    = {Dublin},
  publisher   = {Commission on the Defence Forces}
}

@Book{EU_2016,
  author      = {{European Union},
  title       = {Shared vision, common action: A stronger Europe. A global strategy for the European Union’s foreign and security policy},
  year        = {2016},
  location    = {Brussels},
  publisher   = {European Union}
}

@Online{EU_2019,
  author      = {{European External Action Service},
  title       = {EU global strategy 2019},
  year        = {2019},
  note        = {[Online]},
  url         = {https://www.eeas.europa.eu/sites/default/files/eu_global_strategy_2019.pdf},
  urldate     = {2025-09-24},
  addendum    = {(Accessed: 24 September 2025)}
}

@Book{DOD_2025,
  author      = {{Department of Defence and Defence Forces},
  title       = {Strategy statement 2025--2028},
  year        = {2025},
  location    = {Newbridge, Co. Kildare},
  publisher   = {Department of Defence and Defence Forces}
}

@Online{EU_2018,
  author      = {{European External Action Service},
  title       = {Implementing the EU global strategy: year 2. from shared vision to common action},
  year        = {2018},
  note        = {[Online]},
  url         = {https://www.eeas.europa.eu/sites/default/files/eugs_annual_report_year_2.pdf},
  urldate     = {2025-09-24},
  addendum    = {(Accessed: 24 September 2025)}
}

@Online{EU_2017,
  author      = {{European External Action Service},
  title       = {From shared vision to common action: implementing the EU global strategy, year 1},
  year        = {2017},
  note        = {[Online]},
  url         = {https://www.eeas.europa.eu/sites/default/files/eugs-report-full_brochure_year_1.pdf},
  urldate     = {2025-09-24},
  addendum    = {(Accessed: 24 September 2025)}
}

@Article{MEARSHEIMER_2019,
  author      = {Mearsheimer, J. J.},
  title       = {Bound to fail: the rise and fall of the liberal international order},
  year        = {2019},
  journaltitle= {International Security},
  volume      = {43},
  number      = {4},
  pages       = {7--50}
}

@Article{MEARSHEIMER_1994,
  author      = {Mearsheimer, J. J.},
  title       = {The false promise of international institutions},
  year        = {1994},
  journaltitle= {International Security},
  volume      = {19},
  number      = {3},
  pages       = {5--49}
}

@Book{WALTZ_1979,
  author      = {Waltz, K. N.},
  title       = {Theory of international politics},
  year        = {1979},
  edition     = {1},
  location    = {Boston, Mass},
  publisher   = {McGraw-Hill}
}

@Article{BESSNER_2015,
  author      = {Bessner, D. and Guilhot, N.},
  title       = {How realism waltzed off: liberalism and decisionmaking in kenneth waltz’s neorealism},
  year        = {2015},
  journaltitle= {International Security},
  volume      = {40},
  number      = {2},
  pages       = {87--118}
}

@Article{TONRA_1999,
  author      = {Tonra, B.},
  title       = {The europeanisation of irish foreign affairs},
  year        = {1999},
  journaltitle= {Irish Studies in International Affairs},
  volume      = {10},
  pages       = {149--165},
  note        = {[Online]},
  url         = {http://www.jstor.org/stable/30001896}
}

@Article{BETTS_1996,
  author      = {Betts, R.},
  title       = {The downside of the cutting edge},
  year        = {1996},
  journaltitle= {The National Interest},
  number      = {45},
  pages       = {80+},
  note        = {[Online]},
  url         = {https://link.gale.com/apps/doc/A18827115/AONE?u=nuim&sid=bookmark-AONE&xid=3a16f899},
  addendum    = {(Accessed: 12 June 2025)}
}

@Article{ROTHSTEIN_1966,
  author      = {Rothstein, R. L.},
  title       = {Alignment, nonalignment, and small powers: 1945--1965},
  year        = {1966},
  journaltitle= {International Organization},
  volume      = {20},
  number      = {3},
  pages       = {397--418},
  note        = {[Online]},
  url         = {http://www.jstor.org/stable/2705631},
  urldate     = {2025-09-25},
  addendum    = {(Accessed: 25 September 2025)}
}

@Book{CARROLL_2023,
  author      = {Carroll, J. and O’Neill, M. G. and Williams, M.},
  title       = {The EU, Irish Defence Forces and contemporary security},
  year        = {2023},
  location    = {Cham},
  publisher   = {Palgrave Macmillan, Springer International Publishing}
}

@Article{COTTEY_2022,
  author      = {Andrew Cottey},
  title       = {A celtic zeitenwende? continuity and change in irish national security policy},
  year        = {2022},
  journaltitle= {<ADD JOURNAL TITLE>},
  volume      = {<ADD VOLUME>},
  pages       = {1--10},
  publisher   = {Irish Defence Forces},
  note        = {Published in collaboration with University of Galway},
  issn        = {1649-7066},
  journal     = {Defence Forces Review}
}

@Incollection{TONRA_2007,
  author      = {Tonra, B.},
  title       = {Security, defence and neutrality},
  year        = {2007},
  pages       = {153--180},
  location    = {Manchester},
  publisher   = {Manchester University Press},
  booktitle   = {Global citizen and European republic},
  editor      = {Tonra, B.}
}

@Book{HIRST_2010,
  author      = {Hirst, D.},
  title       = {Beware of small states: Lebanon, battleground of the Middle East},
  year        = {2010},
  location    = {London},
  publisher   = {Faber and Faber Limited}
}

@Article{HELLMUELLER_2024,
  author      = {Hellmüller, S. and Tan, X.-Y. R. and Bara, C.},
  title       = {What is in a mandate? introducing the UN peace mission mandates dataset},
  year        = {2024},
  journaltitle= {Journal of Conflict Resolution},
  volume      = {68},
  number      = {1},
  pages       = {166--192}
}

@Article{AYIOTIS_2023,
  author      = {Dan Ayiotis},
  title       = {Joint irish-british military planning and operations: A historical perspective},
  year        = {2023},
  journaltitle= {<ADD JOURNAL TITLE>},
  volume      = {<ADD VOLUME>},
  pages       = {<ADD PAGES>},
  location    = {Dublin, Ireland},
  publisher   = {Irish Defence Forces, Public Relations Section at the Chief of Staff’s Branch},
  note        = {Print edition},
  issn        = {1649-7066},
  journal     = {Defence Forces Review}
}

@Book{TONRA_2006,
  author      = {Tonra, B.},
  title       = {Global citizen and European republic: Irish foreign policy in transition},
  year        = {2006},
  location    = {Manchester},
  publisher   = {Manchester University Press}
}

@Article{FLEMING_2015,
  author      = {Fleming, P.},
  title       = {Wishbone or backbone? neutrality in irish foreign policy before 1932},
  year        = {2015},
  journaltitle= {Defence Forces Review},
  volume      = {2015},
  pages       = {9--15}
}

@Article{COTTEY_2022,
  author      = {Cottey, A.},
  title       = {A celtic zeitenwende? – continuity and change in irish national security policy},
  year        = {2022},
  journaltitle= {Defence Forces Review},
  volume      = {2022},
  pages       = {1--9}
}

@Online{STATEDEPT_2025,
  author      = {{U.S. Department of State},
  title       = {U.S. security cooperation with israel},
  year        = {2025},
  note        = {[Online]},
  url         = {https://www.state.gov/u-s-security-cooperation-with-israel/},
  urldate     = {2025-09-25},
  addendum    = {(Accessed: 25 September 2025)}
}

@Article{QUINN_2018,
  author      = {John F. Quinn},
  title       = {Dreaming of things that never were: irish soft power and peacekeeping in the 21st century},
  year        = {2018},
  journaltitle= {Defence Forces Review},
  volume      = {2018},
  pages       = {92--107},
  publisher   = {Irish Defence Forces},
  note        = {Published in collaboration with NUI Galway},
  issn        = {1649-7066},
  journal     = {Defence Forces Review}
}

@Article{CARROLL_RICHARDSON_2022,
  author      = {Jonathan Carroll and Neil Richardson},
  title       = {After the war ends: ireland, the reserve defence forces, peacekeeping, and the russo-ukraine war},
  year        = {2022},
  journaltitle= {Defence Forces Review},
  volume      = {2022},
  pages       = {113--122},
  publisher   = {Irish Defence Forces},
  note        = {Published in collaboration with University of Galway},
  issn        = {1649-7066},
  journal     = {Defence Forces Review}
}

@Article{COLE_2018,
  author      = {Damien Cole},
  title       = {Pragmatic evolution? reflections on the foreign policy motivations, implications and impact of ireland’s experience of peacekeeping in the middle east},
  year        = {2018},
  journaltitle= {Defence Forces Review},
  volume      = {2018},
  pages       = {50--59},
  publisher   = {Irish Defence Forces},
  note        = {Published in collaboration with NUI Galway},
  issn        = {1649-7066},
  journal     = {Defence Forces Review}
}

@Article{KING_2021,
  author      = {Conor King},
  title       = {Resourcing the state’s national insurance policy: the case for defence},
  year        = {2021},
  journaltitle= {Defence Forces Review},
  volume      = {2021},
  pages       = {10--21},
  publisher   = {Irish Defence Forces},
  note        = {Published in collaboration with Maynooth University},
  issn        = {1649-7066},
  journal     = {Defence Forces Review}
}

@Article{FLYNN_2019,
  author      = {Brendan Flynn},
  title       = {Small states’ capability enhancement for peacekeeping: what can ireland learn from other countries?},
  year        = {2019},
  journaltitle= {Defence Forces Review},
  volume      = {2019},
  pages       = {20--29},
  publisher   = {Irish Defence Forces},
  note        = {Published in collaboration with University College Dublin},
  issn        = {1649-7066},
  journal     = {Defence Forces Review}
}

@Book{MURRAY_2001,
  title       = {The dynamics of military revolution, 1300--2050},
  year        = {2001},
  location    = {Cambridge},
  publisher   = {Cambridge University Press},
  editor      = {Murray, W. and Knox, M.}
}

@Article{HINTON_2020,
  author      = {Hinton, P.},
  title       = {Strategic culture: in defiance of a structural world order},
  year        = {2020},
  journaltitle= {The RUSI Journal},
  volume      = {165},
  number      = {4},
  pages       = {80--87}
}

@Article{BECKLEY_2018,
  author      = {Beckley, M.},
  title       = {The power of nations: measuring what matters},
  year        = {2018},
  journaltitle= {<ADD JOURNAL TITLE>},
  volume      = {43},
  number      = {2},
  pages       = {7-44},
  url         = {https://doi.org/10.1162/isec_a_00328},
  issn        = {0162-2889},
  doi         = {10.1162/isec_a_00328},
  journal     = {International Security},
  month       = {11},
  eprint      = {https://direct.mit.edu/isec/article-pdf/43/2/7/2079795/isec_a_00328.pdf}
}

@Book{KENNEDY_1988,
  author      = {Kennedy, P. M.},
  title       = {The rise and fall of the great powers: Economic change and military conflict from 1500 to 2000},
  year        = {1988},
  location    = {London},
  publisher   = {Unwin Hyman}
}

@Article{METZ_2000,
  author      = {Metz, S.},
  title       = {The next twist of the RMA},
  year        = {2000},
  journaltitle= {Parameters},
  volume      = {30},
  number      = {3},
  pages       = {40},
  location    = {Carlisle, PA},
  note        = {[Online]},
  url         = {https://link.gale.com/apps/doc/A67502101/AONE?u=nuim&sid=bookmark-AONE&xid=edea42d1},
  addendum    = {(Accessed: 12 June 2025)}
}

@Book{WENDT_1999,
  author      = {Wendt, A.},
  title       = {Social theory of international politics},
  year        = {1999},
  location    = {Cambridge},
  publisher   = {Cambridge University Press}
}

@Article{TONRA_2011,
  author      = {Tonra, B. and Christiansen, T.},
  title       = {The study of EU foreign policy: between international relations and european studies},
  year        = {2011},
  journaltitle= {SSRN Electronic Journal},
  volume      = {<ADD VOLUME>},
  pages       = {<ADD PAGES>},
  note        = {[Online]},
  url         = {https://ssrn.com/abstract=1739588},
  urldate     = {2025-09-24},
  addendum    = {(Accessed: 24 September 2025)},
  doi         = {10.2139/ssrn.1739588}
}

@Book{CARROLL_2023,
  author      = {Carroll, J. and O’Neill, M. G. and Williams, M.},
  title       = {The EU, Irish Defence Forces and contemporary security},
  year        = {2023},
  location    = {Cham},
  publisher   = {Palgrave Macmillan, Springer International Publishing}
}

@Incollection{AYIOTIS_2023,
  author      = {Ayiotis, D.},
  title       = {Irish military neutrality: A historical perspective for modern consideration},
  year        = {2023},
  pages       = {393--409},
  location    = {Cham},
  publisher   = {Palgrave Macmillan, Springer International Publishing},
  booktitle   = {The EU, Irish Defence Forces and contemporary security},
  editor      = {O’Neill, M. G. and Carroll, J. and Williams, M.}
}

@Article{DUMAN_2025,
  author      = {Rakipoğlu, M. and Duman, T. I.},
  title       = {The structural paralysis of the UN security council: great power politics and the gaza crisis},
  year        = {2025},
  journaltitle= {Muhafazakâr Düşünce},
  volume      = {21},
  number      = {68},
  pages       = {44--71}
}

@Book{FANNING_2015,
  author      = {Fanning, R.},
  title       = {Éamon de Valera: A will to power},
  year        = {2015},
  location    = {London},
  publisher   = {Faber \& Faber},
  isbn        = {978-0-571-31205-4}
}

@Article{COHEN_2002,
  author      = {Cohen, E. A.},
  title       = {Supreme command in the 21st century},
  year        = {2002},
  journaltitle= {Joint Force Quarterly},
  volume      = {31},
  pages       = {48}
}

@Article{GRAY_2005,
  author      = {Gray, C. S.},
  title       = {How has war changed since the end of the cold war?},
  year        = {2005},
  journaltitle= {Parameters},
  volume      = {35},
  number      = {1},
  pages       = {14--26}
}

@Book{GRAY_2018,
  author      = {Gray, C. S.},
  title       = {Theory of strategy},
  year        = {2018},
  edition     = {1},
  location    = {Oxford},
  publisher   = {Oxford University Press}
}

@Article{BAILES_2013,
  author      = {Bailes, A. J. K. and Thorhallsson, B. and Johnstone, R. L.},
  title       = {Scotland as an independent small state: where would it seek shelter?},
  year        = {2013},
  journaltitle= {Stjórnmál og stjórnsýsla},
  volume      = {9},
  number      = {1},
  pages       = {1--20}
}

@Book{WHITE_2015,
  author      = {{Government of Ireland},
  title       = {White Paper on Defence: Update 2019},
  year        = {2019},
  location    = {Dublin},
  publisher   = {Department of Defence}
}

@Article{BAILES_2012,
  author      = {Bailes, A. J. K. and Thorhallsson, B.},
  title       = {Instrumentalizing the european union in small state strategies},
  year        = {2013},
  journaltitle= {Journal of European Integration},
  volume      = {35},
  number      = {2},
  pages       = {99--115}
}

@Article{NYE_2008,
  author      = {Nye, J. S.},
  title       = {Public diplomacy and soft power},
  year        = {2008},
  journaltitle= {The Annals of the American Academy of Political and Social Science},
  volume      = {616},
  number      = {1},
  pages       = {94--109}
}

@Article{KEOHANE_1988,
  author      = {Keohane, R. O.},
  title       = {International institutions: two approaches},
  year        = {1988},
  journaltitle= {International Studies Quarterly},
  volume      = {32},
  number      = {4},
  pages       = {379--396}
}


@Article{COHEN_1996,
  author      = {Cohen, E. A.},
  title       = {A revolution in warfare},
  year        = {1996},
  journaltitle= {Foreign Affairs},
  volume      = {75},
  number      = {2},
  pages       = {37+},
  location    = {New York},
  note        = {[Online]},
  url         = {https://link.gale.com/apps/doc/A18102376/GBIB?u=nuim&sid=summon&xid=c4fd2389},
  addendum    = {(Accessed: 12 June 2025)}
}

@Article{HUSAIN_2021,
  author      = {Husain, A.},
  title       = {AI is shaping the future of war},
  year        = {2021},
  journaltitle= {PRISM},
  volume      = {9},
  number      = {3},
  pages       = {50--61},
  note        = {[Online]},
  url         = {https://www.jstor.org/stable/48640745},
  urldate     = {2025-06-11},
  journal     = {PRISM}
}
