@Online{SCHAUS_2018,
  author      = {Schaus, J. and Johnson, K.},
  title       = {Unmanned aerial systems’ influences on conflict escalation dynamics},
  year        = {2018},
  type        = {Research Report},
  institution = {Center for Strategic and International Studies},
  note        = {[Online]},
  url         = {http://www.jstor.org/stable/resrep22318},
  urldate     = {2025-06-11},
  addendum    = {(Accessed{:}
}

@Online{CRINO_2020,
  author      = {Crino, S. and Dreby, C.},
  title       = {Drone attacks against critical infrastructure: a real and present threat},
  year        = {2020},
  institution = {Atlantic Council},
  note        = {[Online]},
  url         = {http://www.jstor.org/stable/resrep24632},
  urldate     = {2025-06-11},
  addendum    = {(Accessed{:}
}

@Online{STIMSON_2015,
  author      = {{Stimson Center},
  title       = {Military utility, national security, and economics},
  year        = {2015},
  institution = {Stimson Center},
  note        = {[Online]},
  url         = {http://www.jstor.org/stable/resrep10852},
  urldate     = {2025-09-08},
  addendum    = {(Accessed{:}
}

@Article{OCHS_2020,
  author      = {Ochs, R.},
  title       = {Mission command: an exploration of its issues in multinational units},
  year        = {2020},
  journaltitle= {The Journal of Military History and Defence Studies},
  volume      = {1},
  number      = {2},
  pages       = {75--92},
  publisher   = {Maynooth Academic Publishing},
  url         = {http://ojs.maynoothuniversity.ie/ojs/index.php/jmhds},
  addendum    = {(Accessed: 11 June 2025)},
  issn        = {2712-0171}
}

@Online{RASSLER_2015,
  author      = {Rassler, D.},
  title       = {Remotely piloted innovation: terrorism, drones and supportive technology},
  year        = {2015},
  institution = {Combatting Terrorism Center at West Point},
  pages       = {49--62},
  note        = {[Online]},
  url         = {http://www.jstor.org/stable/resrep05632.6},
  urldate     = {2025-06-11},
  addendum    = {(Accessed{:}
}

@Online{ARMY_2018_NGSW_BodyArmor,
  author      = {Vergun, D.},
  title       = {Next-generation squad weapon to be very capable, lethal, says army chief of staff},
  date        = {2018-10-11},
  organization= {U.S. Army},
  note        = {[Online]},
  url         = {https://www.army.mil/article/212177/next_generation_squad_weapon_to_be_very_capable_lethal_says_army_chief_of_staff},
  urldate     = {2025-09-07},
  addendum    = {(Accessed: 8 September 2025)}
}

@Online{SOUTH_2018_ArmyTimes_68mm,
  author      = {Cox, M.},
  title       = {Inside the army's quest for a revolutionary new bullet},
  date        = {2019-10-27},
  journaltitle= {Army Times},
  note        = {[Online]},
  url         = {https://www.military.com/daily-news/2019/10/27/inside-armys-quest-revolutionary-new-bullet.html},
  urldate     = {2025-09-07},
  addendum    = {(Accessed: 8 September 2025)}
}

@Book{YEIDE_2011,
  author      = {Yeide, H.},
  title       = {Fighting Patton: George S. Patton Jr. through the eyes of his enemies},
  year        = {2011},
  location    = {Minneapolis},
  publisher   = {Quarto Publishing Group USA},
  note        = {[Online]. Available from ProQuest Ebook Central},
  url         = {https://ebookcentral.proquest.com/lib/nuim/detail.action?docID=3399615},
  urldate     = {2025-09-12},
  addendum    = {(Accessed: 12 September 2025)}
}

@Book{ZALOGA_2010,
  author      = {Zaloga, S. J.},
  title       = {George S. Patton},
  year        = {2010},
  volume      = {3},
  edition     = {1st},
  location    = {Oxford},
  publisher   = {Osprey Publishing},
  note        = {Illustrated by Steve Noon},
  isbn        = {9781846034596},
  series      = {Command}
}

@Thesis{COCHRANE_2012,
  author      = {Cochrane, B.},
  title       = {The Development of the British Approach to Improvised Explosive Device Disposal in Northern Ireland},
  year        = {2012},
  type        = {MPhil thesis},
  institution = {Cranfield University, Defence College of Management and Technology},
  note        = {[Unpublished]}
}

@Misc{DORD_2022,
  author      = {{Irish Defence Forces},
  title       = {Explosive Ordnance Disposal Instructions},
  year        = {2022},
  note        = {Issued by the Director of Ordnance on the instruction of the Chief of Staff. [Internal Document]}
}

@Online{AAAA_2025_Online,
  author      = {AdamOnline, F.},
  title       = {Unmanned aerial systems’ influences on conflict escalation dynamics},
  year        = {2018},
  type        = {Research Report},
  institution = {Center for Strategic and International Studies},
  note        = {[Online]},
  url         = {http://www.jstor.org/stable/resrep22318},
  urldate     = {2025-09-08},
  addendum    = {(Accessed{:}
}

@Book{AAAA_2025_Book,
  author      = {AdamBook, F.},
  title       = {New and old wars: organized violence in a global era},
  year        = {2012},
  edition     = {3},
  location    = {Cambridge},
  publisher   = {Polity Press}
}

@Article{AAAA_2025_Article,
  author      = {AdamArticle, T.},
  title       = {Between common and college knowledge: exploring the boundaries between adult and higher education},
  year        = {2000},
  journaltitle= {Studies in Continuing Education},
  volume      = {22},
  number      = {1},
  pages       = {77-93}
}

@Article{HUSAIN_2021,
  author      = {Husain, A.},
  title       = {AI is shaping the future of war},
  year        = {2021},
  journaltitle= {<ADD JOURNAL TITLE>},
  volume      = {9},
  number      = {3},
  pages       = {50--61},
  note        = {[Online]},
  url         = {https://www.jstor.org/stable/48640745},
  urldate     = {2025-06-11},
  journal     = {PRISM}
}

@Article{COHEN_1996,
  author      = {Cohen, E. A.},
  title       = {A revolution in warfare},
  year        = {1996},
  journaltitle= {Foreign Affairs},
  volume      = {75},
  number      = {2},
  pages       = {37+},
  location    = {New York},
  note        = {[Online]},
  url         = {https://link.gale.com/apps/doc/A18102376/GBIB?u=nuim&sid=summon&xid=c4fd2389},
  addendum    = {(Accessed: 12 June 2025)}
}

@Article{COHEN_1995,
  author      = {Cohen, E. A.},
  title       = {Come the revolution},
  year        = {1995},
  journaltitle= {National Review},
  volume      = {47},
  number      = {14},
  pages       = {26+},
  location    = {New York},
  note        = {[Online]},
  url         = {https://link.gale.com/apps/doc/A17367744/AONE?u=nuim&sid=summon&xid=e8a5ebae},
  addendum    = {(Accessed: 12 June 2025)}
}

@Article{CHEBAN_2003,
  author      = {Cheban, V.V.},
  title       = {Military science and new security threats},
  year        = {2003},
  journaltitle= {Military Thought},
  volume      = {12},
  number      = {1},
  pages       = {190+},
  location    = {Moscow},
  note        = {[Online]},
  url         = {https://link.gale.com/apps/doc/A102903213/AONE?u=nuim&sid=bookmark-AONE&xid=d2e5b7aa},
  addendum    = {(Accessed: 12 June 2025)}
}

@Article{ROXB_2002,
  author      = {Roxborough, I.},
  title       = {From revolution to transformation: the state of the field},
  year        = {2002},
  journaltitle= {Joint Force Quarterly},
  number      = {32},
  pages       = {68+},
  location    = {Washington, D.C.},
  note        = {[Online]},
  url         = {https://link.gale.com/apps/doc/A105853018/AONE?u=nuim&sid=bookmark-AONE&xid=5c0e8571},
  addendum    = {(Accessed: 12 June 2025)}
}

@Article{KIRILLOV_2001,
  author      = {Kirillov, A.V.},
  title       = {Defense: evolution of views},
  year        = {2001},
  journaltitle= {Military Thought},
  volume      = {10},
  number      = {2},
  pages       = {89},
  location    = {Moscow},
  note        = {[Online]},
  url         = {https://link.gale.com/apps/doc/A75478483/AONE?u=nuim&sid=bookmark-AONE&xid=5329c05d},
  addendum    = {(Accessed: 12 June 2025)}
}

@Article{KELLER_2002,
  author      = {Keller, B.},
  title       = {The fighting next time},
  year        = {2002},
  date        = {10 March},
  journaltitle= {The New York Times Magazine},
  volume      = {<ADD VOLUME>},
  pages       = {32},
  location    = {New York},
  note        = {[Online]},
  url         = {https://link.gale.com/apps/doc/A84142167/AONE?u=nuim&sid=bookmark-AONE&xid=32d76c20},
  addendum    = {(Accessed: 12 June 2025)}
}

@Article{OWENS_2002,
  author      = {Owens, W. A.},
  title       = {The once and future revolution in military affairs},
  year        = {2002},
  journaltitle= {Joint Force Quarterly},
  volume      = {<ADD VOLUME>},
  pages       = {55+},
  location    = {Washington, D.C.},
  note        = {[Online]},
  url         = {https://link.gale.com/apps/doc/A99817512/AONE?u=nuim&sid=bookmark-AONE&xid=f9fa2e22},
  addendum    = {(Accessed: 12 June 2025)},
  season      = {Summer}
}

@Article{CRAFT_2004,
  author      = {Craft, J. T.},
  title       = {The information revolution in military affairs},
  year        = {2004},
  journaltitle= {Armor},
  volume      = {113},
  number      = {5},
  pages       = {48+},
  location    = {Fort Knox},
  note        = {[Online]},
  url         = {https://link.gale.com/apps/doc/A122701308/AONE?u=nuim&sid=bookmark-AONE&xid=6359b707},
  addendum    = {(Accessed: 12 June 2025)}
}

@Article{BETTS_1996,
  author      = {Betts, R.},
  title       = {The downside of the cutting edge},
  year        = {1996},
  journaltitle= {The National Interest},
  number      = {45},
  pages       = {80+},
  location    = {Washington, D.C.},
  note        = {[Online]},
  url         = {https://link.gale.com/apps/doc/A18827115/AONE?u=nuim&sid=bookmark-AONE&xid=3a16f899},
  addendum    = {(Accessed: 12 June 2025)},
  season      = {Fall}
}

@Article{BROSE_2019,
  author      = {Brose, C.},
  title       = {The new revolution in military affairs: war's sci-fi future},
  year        = {2019},
  journaltitle= {Foreign Affairs},
  volume      = {98},
  number      = {3},
  pages       = {122+},
  location    = {New York},
  note        = {[Online]},
  url         = {https://link.gale.com/apps/doc/A585763277/AONE?u=nuim&sid=bookmark-AONE&xid=ed50cd4b},
  addendum    = {(Accessed: 12 June 2025)}
}

@Book{GRAY_2005,
  author      = {Gray, C. S.},
  title       = {Another bloody century: future warfare},
  year        = {2005},
  location    = {London},
  publisher   = {Weidenfeld \& Nicolson}
}

@Article{KREP_1994,
  author      = {Krepinevich, A. F.},
  title       = {Cavalry to computer: the pattern of military revolutions},
  year        = {1994},
  journaltitle= {The National Interest},
  number      = {37},
  pages       = {30--42},
  url         = {http://www.jstor.org/stable/42896863},
  addendum    = {(Accessed: 7 September 2025)}
}

@Online{MCMANUS_2017,
  author    = {McManus, John},
  title     = {Taoiseach blows out Mary Robinson’s light: Offer to extend presidential franchise raises uncomfortable questions about diaspora},
  year      = {2017},
  month     = {March 18},
  journaltitle = {The Irish Times},
  type      = {Opinion},
  url       = {https://www.irishtimes.com/opinion/john-mcmanus-taoiseach-blows-out-mary-robinson-s-light-1.3014719},
  addendum  = {(Accessed: 9 September 2025)}
}





@Online{KREP_1992,
  author      = {Krepinevich, A. F.},
  title       = {The military-technical revolution: A preliminary assessment},
  year        = {1992},
  institution = {Office of Net Assessment, U.S. Department of Defense},
  note        = {[Online]},
  url         = {https://csbaonline.org/uploads/documents/2002.10.02-Military-Technical-Revolution.pdf},
  urldate     = {2025-06-12},
  addendum    = {(Accessed: 8 September 2025)},
  ddendum     = {(Accessed{:}
}

@Article{KREP_1996,
  author      = {Krepinevich, A. F.},
  title       = {Revolution in warfare? air power in the persian gulf},
  year        = {1996},
  journaltitle= {Foreign Affairs},
  volume      = {75},
  number      = {4},
  pages       = {144},
  location    = {New York},
  note        = {[Online]},
  url         = {https://link.gale.com/apps/doc/A18420016/ITOF?u=nuim&sid=summon&xid=7d84949f},
  addendum    = {(Accessed: 12 June 2025)}
}

@Book{GUDERIAN_1952,
  author      = {Guderian, H.},
  title       = {Panzer Leader},
  year        = {1952},
  location    = {London},
  publisher   = {Futura Publications},
  note        = {First published in Great Britain by Michael Joseph Ltd, 1952. Futura edition 1974; reprinted 1976, 1977, 1979, 1980, 1982, 1987},
  isbn        = {0860070883}
}

@Book{WINTERS_2006,
  author      = {Winters, R. D. and Kingseed, C. C.},
  title       = {Beyond Band of Brothers: The war memoirs of Major Dick Winters},
  year        = {2006},
  location    = {New York},
  publisher   = {The Berkley Publishing Group},
  note        = {First edition},
  isbn        = {0425208133}
}

@Article{METZ_2000,
  author      = {Metz, S.},
  title       = {The next twist of the RMA},
  year        = {2000},
  journaltitle= {Parameters},
  volume      = {30},
  number      = {3},
  pages       = {40},
  location    = {Carlisle, PA},
  note        = {[Online]},
  url         = {https://link.gale.com/apps/doc/A67502101/AONE?u=nuim&sid=bookmark-AONE&xid=edea42d1},
  addendum    = {(Accessed: 12 June 2025)}
}

@Article{JORD_2003,
  author      = {Jordaan, E. and Vrey, F.},
  title       = {Ideas on the revolution in military affairs and the nature of low-intensity conflict},
  year        = {2003},
  journaltitle= {Strategic Review for Southern Africa},
  volume      = {25},
  number      = {1},
  pages       = {107+},
  location    = {Pretoria},
  note        = {[Online]},
  url         = {https://link.gale.com/apps/doc/A109504766/AONE?u=nuim&sid=bookmark-AONE&xid=16a9536a},
  addendum    = {(Accessed: 12 June 2025)}
}

@Article{ALACH_2008,
  author      = {Alach, Z. J.},
  title       = {The revolution in military affairs},
  year        = {2008},
  institution = {Strategic Studies Institute},
  journaltitle= {Slowing Military Change},
  volume      = {<ADD VOLUME>},
  pages       = {49+},
  location    = {Carlisle, PA},
  note        = {[Online]},
  url         = {https://link.gale.com/apps/doc/A263786445/AONE?u=nuim&sid=bookmark-AONE&xid=e7caa86e},
  addendum    = {(Accessed: 12 June 2025)}
}

@Article{HARK_2000,
  author      = {Harknett, R. J.},
  title       = {The risks of a networked military},
  year        = {2000},
  journaltitle= {ORBIS},
  volume      = {44},
  number      = {1},
  pages       = {127},
  location    = {Philadelphia},
  note        = {[Online]},
  url         = {https://link.gale.com/apps/doc/A59120266/AONE?u=nuim&sid=bookmark-AONE&xid=73b601aa},
  addendum    = {(Accessed: 12 June 2025)}
}

@Misc{Unmanned_Systems_2007,
  author      = {{United States. Department of Defense},
  title       = {Unmanned Systems Roadmap 2007--2032},
  year        = {2007},
  note        = {[Online]},
  url         = {/view/dot/18247},
  urldate     = {2025-06-12}
}

@Misc{UAS_Roadmap_2005,
  author      = {{United States. Department of Defense},
  title       = {Unmanned Aircraft Systems Roadmap 2005--2030},
  year        = {2005},
  note        = {[Online]},
  url         = {https://rosap.ntl.bts.gov/view/dot/18248},
  urldate     = {2025-06-12}
}

@Misc{NICHOLESCU_2023,
  author      = {Nicholescu, K.},
  title       = {Remarks at Future Soldier Technology Conference},
  year        = {2023},
  note        = {London, 7 March},
  howpublished= {Author's personal observation}
}

@Misc{MARTINHO_2025,
  author      = {Martinho, M.},
  title       = {Remarks at European Defence Agency's Ground Combat Capability Expert Group},
  year        = {2025},
  note        = {Brussels, 6 March},
  howpublished= {Author's personal observation}
}

@Misc{EDA_GCCEG_2025,
  author      = {{European Defence Agency},
  title       = {Author's personal observation},
  year        = {2025},
  note        = {Brussels, 5 March},
  howpublished= {Author's notes}
}

@Misc{EDA_HERLIN_2025,
  author      = {Herlin, D.},
  title       = {Ground Combat Capability Expert Group meeting},
  year        = {2025},
  howpublished= {Remarks at European Defence Agency's Ground Combat Capability Expert Group}
}

@Misc{MUELLER_2023,
  author      = {Mueller, N.},
  title       = {Remarks at Future Soldier Technology Conference},
  year        = {2023},
  note        = {London, 7 March},
  howpublished= {Author's personal observation}
}

@Comment{jabref-meta: databaseType:bibtex;}

@Misc{DCOS_UOS_2024,
  author      = {{Irish Defence Forces, D. C. O. S. O.},
  title       = {Army Roadmap for the Adoption of Un-Crewed and Optionally-Crewed Systems (UOS)},
  year        = {2024},
  note        = {Dublin, 15 February},
  howpublished= {Official report}
}

